<?xml version="1.0" encoding="UTF-8"?><collection xmlns="http://www.loc.gov/MARC21/slim"><record><leader>00520nam--2200169-u-4500</leader><controlfield tag="001">000056827</controlfield><controlfield tag="002">20191031</controlfield><controlfield tag="005">20191031051121</controlfield><controlfield tag="008">191031s1000------------r-----000-0-eng-d</controlfield><datafield ind1=" " ind2=" " tag="041"><subfield code="a">eng</subfield></datafield><datafield ind1="1" ind2=" " tag="100"><subfield code="a">VAN DER MULLEN, JAN-JOSEPH ALPHONSE MARIE</subfield></datafield><datafield ind1="1" ind2="0" tag="245"><subfield code="a">EXCITATION EQUILIBRIA IN PLASMAS</subfield><subfield code="c">JAN - JOSEPH ALPHONSE MARIE VAN DER MULLEN</subfield></datafield><datafield ind1=" " ind2=" " tag="260"><subfield code="a">EINDHOVEN</subfield><subfield code="b">TECHNISCHE HOGESCHOOL EINDHOVEN</subfield><subfield code="c">1986</subfield></datafield><datafield ind1=" " ind2=" " tag="300"><subfield code="a">VIII 211 P</subfield></datafield><datafield ind1=" " ind2=" " tag="500"><subfield code="a">DONATIE GHEORGHE DINESCU</subfield></datafield><datafield ind1=" " ind2=" " tag="852"><subfield code="a">82786</subfield><subfield code="c">533.9</subfield></datafield><datafield ind1=" " ind2=" " tag="CAT"><subfield code="a">SYS</subfield><subfield code="c">20191031</subfield><subfield code="h">051121</subfield></datafield></record></collection>